<record><leader>00000cas a2200000   4500</leader><controlfield tag="001">5229146</controlfield><controlfield tag="008">790801d19601979tnuwr ne      0   a0eng d</controlfield><datafield ind1=" " ind2=" " tag="010"><subfield code="a">sn 79003430 </subfield></datafield><datafield ind1=" " ind2=" " tag="040"><subfield code="a">NSD</subfield><subfield code="b">eng</subfield><subfield code="c">NSD</subfield><subfield code="d">TGN</subfield><subfield code="d">OCL</subfield><subfield code="d">OCLCQ</subfield><subfield code="d">DLC</subfield><subfield code="d">OCLCQ</subfield><subfield code="d">OCLCF</subfield><subfield code="d">OCLCO</subfield></datafield><datafield ind1=" " ind2=" " tag="012"><subfield code="k">1</subfield><subfield code="m">d</subfield></datafield><datafield ind1="1" ind2=" " tag="022"><subfield code="a">0193-5143</subfield><subfield code="l">0193-5143</subfield><subfield code="2">1</subfield></datafield><datafield ind1="1" ind2=" " tag="029"><subfield code="a">AU@</subfield><subfield code="b">000025801775</subfield></datafield><datafield ind1=" " ind2=" " tag="042"><subfield code="a">nsdp</subfield></datafield><datafield ind1="0" ind2=" " tag="130"><subfield code="a">Hendersonville star-news (Hendersonville, Tenn. : 1960)</subfield></datafield><datafield ind1=" " ind2="0" tag="222"><subfield code="a">Hendersonville star news</subfield></datafield><datafield ind1="0" ind2="0" tag="245"><subfield code="a">Hendersonville star-news.</subfield></datafield><datafield ind1="3" ind2="0" tag="246"><subfield code="a">Star-news</subfield></datafield><datafield ind1=" " ind2=" " tag="260"><subfield code="a">Hendersonville, Tenn. :</subfield><subfield code="b">Allen B. Merritt, Jr.,</subfield><subfield code="c">1960-1979.</subfield></datafield><datafield ind1=" " ind2=" " tag="310"><subfield code="a">Weekly</subfield></datafield><datafield ind1="0" ind2=" " tag="362"><subfield code="a">Vol. 10, no. 10 (Apr. 21, 1960)-v. 30, no. 48 (Nov. 28, 1979).</subfield></datafield><datafield ind1=" " ind2=" " tag="500"><subfield code="a">Publishers: Allen B. Merritt, Jr., 1960-1964; Community Newspapers Inc., 1964-1973; Multimedia, 1973-1979.</subfield></datafield><datafield ind1=" " ind2="0" tag="651"><subfield code="a">Hendersonville (Tenn.)</subfield><subfield code="v">Newspapers.</subfield></datafield><datafield ind1=" " ind2="0" tag="651"><subfield code="a">Sumner County (Tenn.)</subfield><subfield code="v">Newspapers.</subfield></datafield><datafield ind1=" " ind2="7" tag="655"><subfield code="a">Newspapers.</subfield><subfield code="2">fast</subfield><subfield code="0">(OCoLC)fst01423814</subfield></datafield><datafield ind1=" " ind2="7" tag="651"><subfield code="a">Tennessee</subfield><subfield code="z">Hendersonville.</subfield><subfield code="2">fast</subfield><subfield code="0">(OCoLC)fst01216479</subfield></datafield><datafield ind1=" " ind2="7" tag="651"><subfield code="a">Tennessee</subfield><subfield code="z">Sumner County.</subfield><subfield code="2">fast</subfield><subfield code="0">(OCoLC)fst01209637</subfield></datafield><datafield ind1=" " ind2=" " tag="752"><subfield code="a">United States</subfield><subfield code="b">Tennessee</subfield><subfield code="c">Sumner</subfield><subfield code="d">Hendersonville.</subfield></datafield><datafield ind1="0" ind2="0" tag="780"><subfield code="t">Sumner County star and Hendersonville news</subfield><subfield code="w">(DLC)sn 96091123</subfield></datafield><datafield ind1="0" ind2="0" tag="785"><subfield code="t">Star news (Hendersonville, Tenn.)</subfield><subfield code="w">(DLC)sn 96091124</subfield></datafield></record>